<record><leader>00000cas a2200000Ma 4500</leader><controlfield tag="001">10990221</controlfield><controlfield tag="008">840726d184u18uumauwr ne      0   a0eng d</controlfield><datafield ind1=" " ind2=" " tag="010"><subfield code="a">sn 84023770 </subfield></datafield><datafield ind1=" " ind2=" " tag="040"><subfield code="a">AQM</subfield><subfield code="b">eng</subfield><subfield code="c">AQM</subfield><subfield code="d">OCLCG</subfield><subfield code="d">OCLCQ</subfield></datafield><datafield ind1="0" ind2="0" tag="245"><subfield code="a">Saturday harbinger.</subfield></datafield><datafield ind1=" " ind2=" " tag="260"><subfield code="a">Boston [Mass.] :</subfield><subfield code="b">H. Davison &amp; Co.</subfield></datafield><datafield ind1=" " ind2=" " tag="300"><subfield code="a">v.</subfield></datafield><datafield ind1=" " ind2=" " tag="310"><subfield code="a">Weekly</subfield></datafield><datafield ind1=" " ind2=" " tag="500"><subfield code="a">Editor: G.P. Burnham, &lt;1849&gt;.</subfield></datafield><datafield ind1=" " ind2=" " tag="500"><subfield code="a">Published from same office: Sunday news (Boston, Mass. : 1849).</subfield></datafield><datafield ind1=" " ind2=" " tag="588"><subfield code="a">Description based on: [Mar. 3] 1849.</subfield></datafield><datafield ind1=" " ind2="7" tag="655"><subfield code="a">Newspapers.</subfield><subfield code="2">rbgenr</subfield></datafield><datafield ind1="1" ind2=" " tag="700"><subfield code="a">Burnham, Geo. P.</subfield><subfield code="q">(George Pickering),</subfield><subfield code="d">1814-1902.</subfield></datafield><datafield ind1=" " ind2=" " tag="752"><subfield code="a">United States</subfield><subfield code="b">Massachusetts</subfield><subfield code="c">Suffolk</subfield><subfield code="d">Boston.</subfield></datafield></record>